01REMESSA01COBRANCA       12346000123456000000NOME DO CEDENTE LTDA.         001BANCO DO BRASIL0510110000001                      0123456                                                                                                                                                                                                                                                                  000001
702010010010001131234600012345601234561000                     012345600000000020000    AI 0190000000     1 011000      25101100000000123450010000001N051011000000000000000000000000000000000000000000000000000000000000000100011111111111MARIA PEREIRA                           AV. BRASIL, N. 35                                   01000000SAO PAULO      SP                                           000002
9                                                                                                                                                                                                                                                                                                                                                                                                         000003
