01REMESSA01COBRANCA       28916000228427000000VITALCRED SERVICOS FINANCEIROS001BANCO DO BRASIL1304120000000                      1593501                                                                                                                                                                                                                                                                  000001
1020802211700018828916000228427159350137                       159350100000046920000    AI 0190000000     180137        13041200000000004000010000012N130412000000000000000000000000000000000000000000000000000000000000000100000000000000SAM                                                                                         00000000                                                            000002
9                                                                                                                                                                                                                                                                                                                                                                                                         000003
